
@misc{customminer_hertz_2018,
	type = {docs},
	title = {Hertz technical documentation},
	shorttitle = {Hz docs},
	url = {https://sites.google.com/view/hertz-aba/},
	abstract = {Hertz technical documentation},
	language = {English},
	journal = {Hertz technical documentation},
	author = {Customminer},
	year = {2018}
}

@misc{customminer_nemesis_2018,
	type = {Forum},
	title = {Nemesis bitsharestalk thread},
	shorttitle = {Nemesis},
	url = {https://bitsharestalk.org/index.php?topic=24158.0},
	abstract = {Thread regarding nemesis, some negative feedback.},
	language = {English},
	journal = {Bitsharestalk},
	author = {customminer},
	year = {2018}
}

@misc{hero_hero_2018,
	type = {Bitshares block explorer},
	title = {Hero {ABA} details},
	copyright = {MIT},
	shorttitle = {{HERO} {Asset}},
	url = {http://open-explorer.io/#/assets/HERO},
	abstract = {Hero ABA details},
	journal = {Open-Explorer - HERO Asset},
	author = {Hero, Cryptonomex`},
	year = {2018}
}

@misc{oxarbitrage_current_2018,
	type = {Bitshares block explorer},
	title = {Current {Bitshares} fees},
	copyright = {MIT},
	shorttitle = {{BTS} {DEX} {Explorer} - {Fees}},
	url = {http://open-explorer.io/#/fees},
	abstract = {Current Bitshares fees displayed on open-explorer},
	journal = {Open-Explorer - Bitshares fees},
	author = {Oxarbitrage, Bitshares committee},
	year = {2018}
}

@misc{xeroc_xerocs_2018,
	title = {Xeroc's bitshares-pricefeed repo},
	copyright = {MIT},
	url = {https://github.com/xeroc/bitshares-pricefeed/},
	abstract = {Xeroc's price feed script repo},
	author = {xeroc},
	year = {2018}
}

@misc{customminer_reference_2018,
	title = {Reference {Hertz} {Python} price feed script},
	copyright = {MIT},
	url = {https://github.com/BTS-CM/scripts/blob/master/hertz-feed.py},
	abstract = {Reference Hertz Python price feed script},
	author = {customminer, grctest},
	year = {2018}
}

@misc{pch957_pch957s_2018,
	title = {pch957's btsprice {Bitshares} price feed scripts},
	copyright = {MIT},
	url = {https://github.com/pch957/btsprice},
	abstract = {pch957's btsprice Bitshares price feed scripts},
	author = {pch957},
	year = {2018},
	keywords = {pch957, BTSPRICE, BTS}
}

@misc{wackou_wackous_2018,
	title = {Wackou's {BTS}\_Tools},
	copyright = {MIT},
	url = {https://github.com/wackou/bts_tools/},
	abstract = {Wackou's BTS\_Tools is used to provide price feeds for MPAs on the BTS DEX.},
	author = {Wackou},
	year = {2018},
	keywords = {BTS, Bitshares, MPA, BTS\_Tools}
}

@misc{bitshares_foundation_bitshares_2018,
	type = {Official {BTS} website},
	title = {Bitshares - {Industrial} {Performance} and {Scalability}},
	copyright = {MIT},
	shorttitle = {{BTS} {Performance}},
	url = {https://bitshares.org/technology/industrial-performance-and-scalability/},
	abstract = {Bitshares is highly scalable and has high performance.},
	language = {English},
	journal = {Bitshares - Industrial Performance and Scalability},
	author = {Bitshares foundation, Cryptonomex},
	year = {2018}
}

@misc{bitshares_foundation_dex_2018,
	type = {Official {BTS} website},
	title = {{DEX} {Margin} {Mechanics}},
	shorttitle = {{BTS} {MPA} {Margin} {Tech} {Info}},
	url = {http://docs.bitshares.org/bitshares/user/dex-margin-mechanics.html},
	abstract = {Detailed information regarding the BTS DEX MPA margin mechanics.},
	language = {English},
	journal = {Bitshares - DEX Margin Mechanics},
	author = {Bitshares foundation, cryptonomex},
	year = {2018}
}

@misc{chainsquad_market_2018,
	title = {Market {Pegged} {Assets} technical documentation},
	copyright = {MIT},
	shorttitle = {{MPA} {Docs}},
	url = {http://docs.bitshares.org/bitshares/user/mpa.html},
	abstract = {Technical documentation for Market Pegged Assets on the Bitshares Network.},
	language = {English},
	publisher = {Chainsquad},
	author = {Chainsquad},
	year = {2018},
	keywords = {Bitshares, MPA, BTS, DEX}
}

@misc{cryptonomex_bitshares_2018,
	type = {Financial services},
	title = {Bitshares},
	copyright = {MIT},
	shorttitle = {{BTS} {Website}},
	url = {https://bitshares.org},
	abstract = {Bitshares official website},
	language = {English},
	journal = {Bitshares},
	author = {Cryptonomex, Bitshares Foundation},
	year = {2018},
	keywords = {BTS}
}